<?xml version="1.0" encoding="UTF-8"?>
<collection xmlns:xsi="http://www.w3.org/2001/XMLSchema-instance" xsi:schemaLocation="http://www.loc.gov/MARC21/slim http://www.loc.gov/standards/marcxml/schema/MARC21slim.xsd" xmlns="http://www.loc.gov/MARC21/slim">
<record>
  <leader>01032cam a22002651  4500</leader>
  <controlfield tag="001">3076201</controlfield>
  <controlfield tag="003">NNC</controlfield>
  <controlfield tag="005">20040818093308.0</controlfield>
  <controlfield tag="008">010828s1948    ua       b    000 0 ara d</controlfield>
  <datafield tag="035" ind1=" " ind2=" ">
    <subfield code="a">(OCoLC)ocm47855508</subfield>
  </datafield>
  <datafield tag="035" ind1=" " ind2=" ">
    <subfield code="9">ATP9766CU</subfield>
  </datafield>
  <datafield tag="035" ind1=" " ind2=" ">
    <subfield code="a">(NNC)3076201</subfield>
  </datafield>
  <datafield tag="040" ind1=" " ind2=" ">
    <subfield code="a">ZCU</subfield>
    <subfield code="c">ZCU</subfield>
  </datafield>
  <datafield tag="041" ind1="0" ind2=" ">
    <subfield code="a">araeng</subfield>
  </datafield>
  <datafield tag="099" ind1=" " ind2=" ">
    <subfield code="a">893.791</subfield>
    <subfield code="a">H2733</subfield>
  </datafield>
  <datafield tag="100" ind1="1" ind2=" ">
    <subfield code="a">Ḥasan, Ibrāhīm Ḥasan.</subfield>
  </datafield>
  <datafield tag="245" ind1="1" ind2="3">
    <subfield code="a">al-Muʻizz li-Dīn-Allāh,</subfield>
    <subfield code="b">imām al-Shīʻah al-Ismāʻīlīyah wa-muʾassis al-dawlah al-Fāṭimīyah fī Miṣr ;</subfield>
    <subfield code="c">taʾlīf Ḥasan Ibrāhīm Ḥasan [wa] Ṭaha Aḥmad Sharaf.</subfield>
  </datafield>
  <datafield tag="246" ind1="0" ind2=" ">
    <subfield code="i">Added t.-p. in English:</subfield>
    <subfield code="a">Al-Mu'izz li Din-i'illah,</subfield>
    <subfield code="b">the Ismaili Iman and founder of the Fatimid dynasty in Egypt</subfield>
  </datafield>
  <datafield tag="260" ind1=" " ind2=" ">
    <subfield code="a">al-Qāhirah,</subfield>
    <subfield code="b">Maktabat al-Nahḍah al-Miṣrīyah,</subfield>
    <subfield code="c">1948.</subfield>
  </datafield>
  <datafield tag="300" ind1=" " ind2=" ">
    <subfield code="a">371 p.</subfield>
  </datafield>
  <datafield tag="504" ind1=" " ind2=" ">
    <subfield code="a">Bibliography: p. 353-360.</subfield>
  </datafield>
  <datafield tag="600" ind1="0" ind2="0">
    <subfield code="a">Muʻizz li-Dīn Allāh,</subfield>
    <subfield code="c">Fatimid Caliph,</subfield>
    <subfield code="d">931-975.</subfield>
  </datafield>
  <datafield tag="651" ind1=" " ind2="0">
    <subfield code="a">Egypt</subfield>
    <subfield code="x">Kings and rulers</subfield>
    <subfield code="v">Biography.</subfield>
  </datafield>
  <datafield tag="651" ind1=" " ind2="0">
    <subfield code="a">Egypt</subfield>
    <subfield code="x">History</subfield>
    <subfield code="y">640-1250.</subfield>
  </datafield>
  <datafield tag="955" ind1=" " ind2=" ">
    <subfield code="b">CU58885897</subfield>
    <subfield code="d">off,glx</subfield>
    <subfield code="e">893.791 H2733</subfield>
  </datafield>
</record>
</collection>